@book{AnIn1991,
  title={An Introduction to Ray Tracing},
  author={Andrew S. Glassner et. al.},
  publisher={Acedemic Press},
  year={1991}
}

@book{mat2012,
  title={Mathematics for
3D Game Programming
and Computer Graphics
Third Edition},
  author={Eric Lengyel},
  publisher={Course Technology PTR},
  year={2012}
}

@misc{scratch2017,
      author = "Scratchapixel",
      title = "Introduction to Ray Tracing: a Simple Method for Creating 3D Images",
      month = "April",
      year = "2017",
      url = "https://www.scratchapixel.com/lessons/3d-basic-rendering/introduction-to-ray-tracing"
}

@misc{scratchRast2017,
      author = "Scratchapixel",
      title = "Rasterization: a Practical Implementation",
      month = "May",
      year = "2017",
      url = "https://www.scratchapixel.com/lessons/3d-basic-rendering/rasterization-practical-implementation/overview-rasterization-algorithm"
}

@misc{free-obj,
      author = "free3d",
      title = "Free obj objects",
      month = "May",
      year = "2017",
      url = "https://free3d.com/3d-model/low-poly-wolf-71850.html"
}

@misc{John,
      author = "John Burkardt",
      title = "OBJ Files A 3D Object Format",
      month = "May",
      year = "2017",
      url = "http://people.sc.fsu.edu/~jburkardt/data/obj/obj.html"
}

@misc{Keenan,
      author = "Keenan Crane",
      title = "Keenan Crane",
      month = "May",
      year = "2017",
      url = "https://www.cs.cmu.edu/~kmcrane/Projects/ModelRepository/"
}


@book{lu_2016, 
	place={Boca Raton, FL}, 
	title={Light scattering technology for food property, quality and safety assessment}, 
	publisher={CRC Press}, 
	author={Lu, Renfu}, 
	year={2016}
}

@misc{shirley, 
title={Ray Tracing in One Weekend (Ray Tracing Minibooks Book 1) eBook: Peter Shirley: Kindle Store}, 
url={https://www.amazon.com/Ray-Tracing-Weekend-Minibooks-Book-ebook/dp/B01B5AODD8}, 
journal={Amazon.com: Ray Tracing in One Weekend (Ray Tracing Minibooks Book 1) eBook: Peter Shirley: Kindle Store}, 
author={Shirley, Peter}
}

@misc{rayCastingPic2017,
      author = "Henrik",
      title = "Ray trace diagram",
      month = "May",
      year = "2017",
      url = "https://commons.wikimedia.org/wiki/File:Ray_trace_diagram.svg"
}

@misc{scratchTri2017,
      author = "Scratchapixel",
      title = "Ray Tracing: Rendering a Triangle",
      month = "May",
      year = "2017",
      url = "https://www.scratchapixel.com/lessons/3d-basic-rendering/ray-tracing-rendering-a-triangle/ray-triangle-intersection-geometric-solution"
}

@misc{renderman17,
      author = "Pixar",
      title = "RenderMan Technical FAQ",
      month = "May",
      year = "2017",
      url = "https://renderman.pixar.com/view/DP25847"
}

@misc{mike17,
      author = "Michael John Muuss and Maximo Lorenzo",
      title = "High-Resolution Interactive Multispectral Missile Sensor Simulation for ATR and DIS",
      month = "May",
      year = "2017",
      url = "http://ftp.arl.army.mil/~mike/papers/95cadsymp/sensors.html"
}

@misc{scratchDisk2017,
      author = "Scratchapixel",
      title = "Ray-Plane and Ray-Disk Intersection",
      month = "May",
      year = "2017",
      url = "https://www.scratchapixel.com/lessons/3d-basic-rendering/minimal-ray-tracer-rendering-simple-shapes/ray-plane-and-ray-disk-intersection"
}

@misc{scratchDisk2017,
      author = "Our source code",
      title = "Ray-tracing source code",
      month = "May",
      year = "2017",
      url = "https://github.com/Rhodez-x/rayTracer"
}

